<?xml version='1.0' encoding='UTF-8'?>
<ENVELOPE><HEADER><TALLYREQUEST>Import Data</TALLYREQUEST><TYPE>Data</TYPE><ID>All Masters</ID></HEADER><BODY><DESC><STATICVARIABLES><SVCURRENTCOMPANY>My Company</SVCURRENTCOMPANY></STATICVARIABLES></DESC><DATA><TALLYMESSAGE><VOUCHER VCHTYPE="Credit Note"><DATE>20240601</DATE><VOUCHERNUMBER>CN-2024-001</VOUCHERNUMBER><PARTYLEDGERNAME>Returns Vendor</PARTYLEDGERNAME><ALLLEDGERENTRIES.LIST><LEDGERNAME>Purchase</LEDGERNAME><ISDEEMEDPOSITIVE>No</ISDEEMEDPOSITIVE><AMOUNT>-20000.00</AMOUNT></ALLLEDGERENTRIES.LIST><ALLLEDGERENTRIES.LIST><LEDGERNAME>Input CGST 9%</LEDGERNAME><ISDEEMEDPOSITIVE>No</ISDEEMEDPOSITIVE><AMOUNT>-1800.00</AMOUNT></ALLLEDGERENTRIES.LIST><ALLLEDGERENTRIES.LIST><LEDGERNAME>Input SGST 9%</LEDGERNAME><ISDEEMEDPOSITIVE>No</ISDEEMEDPOSITIVE><AMOUNT>-1800.00</AMOUNT></ALLLEDGERENTRIES.LIST><ALLLEDGERENTRIES.LIST><LEDGERNAME>Returns Vendor</LEDGERNAME><ISDEEMEDPOSITIVE>Yes</ISDEEMEDPOSITIVE><AMOUNT>23600.00</AMOUNT></ALLLEDGERENTRIES.LIST></VOUCHER></TALLYMESSAGE></DATA></BODY></ENVELOPE>