<?xml version='1.0' encoding='UTF-8'?>
<ENVELOPE><HEADER><TALLYREQUEST>Import Data</TALLYREQUEST><TYPE>Data</TYPE><ID>All Masters</ID></HEADER><BODY><DESC><STATICVARIABLES><SVCURRENTCOMPANY>My Company</SVCURRENTCOMPANY></STATICVARIABLES></DESC><DATA><TALLYMESSAGE><VOUCHER VCHTYPE="Purchase"><DATE>20240515</DATE><VOUCHERNUMBER>TDS-2024-001</VOUCHERNUMBER><PARTYLEDGERNAME>Legal Associates</PARTYLEDGERNAME><PARTYGSTIN>27AABCU1234F1ZP</PARTYGSTIN><ALLLEDGERENTRIES.LIST><LEDGERNAME>Purchase</LEDGERNAME><ISDEEMEDPOSITIVE>Yes</ISDEEMEDPOSITIVE><AMOUNT>100000.00</AMOUNT></ALLLEDGERENTRIES.LIST><ALLLEDGERENTRIES.LIST><LEDGERNAME>Input CGST 9%</LEDGERNAME><ISDEEMEDPOSITIVE>Yes</ISDEEMEDPOSITIVE><AMOUNT>9000.00</AMOUNT></ALLLEDGERENTRIES.LIST><ALLLEDGERENTRIES.LIST><LEDGERNAME>Input SGST 9%</LEDGERNAME><ISDEEMEDPOSITIVE>Yes</ISDEEMEDPOSITIVE><AMOUNT>9000.00</AMOUNT></ALLLEDGERENTRIES.LIST><ALLLEDGERENTRIES.LIST><LEDGERNAME>TDS Payable</LEDGERNAME><ISDEEMEDPOSITIVE>No</ISDEEMEDPOSITIVE><AMOUNT>-10000.00</AMOUNT></ALLLEDGERENTRIES.LIST><ALLLEDGERENTRIES.LIST><LEDGERNAME>Legal Associates</LEDGERNAME><ISDEEMEDPOSITIVE>No</ISDEEMEDPOSITIVE><AMOUNT>-108000.00</AMOUNT><BILLALLOCATIONS.LIST><NAME>TDS-2024-001</NAME><BILLTYPE>New Ref</BILLTYPE><AMOUNT>-108000.00</AMOUNT></BILLALLOCATIONS.LIST></ALLLEDGERENTRIES.LIST></VOUCHER></TALLYMESSAGE></DATA></BODY></ENVELOPE>