<?xml version='1.0' encoding='UTF-8'?>
<ENVELOPE><HEADER><TALLYREQUEST>Import Data</TALLYREQUEST><TYPE>Data</TYPE><ID>All Masters</ID></HEADER><BODY><DESC><STATICVARIABLES><SVCURRENTCOMPANY>My Company</SVCURRENTCOMPANY></STATICVARIABLES></DESC><DATA><TALLYMESSAGE><VOUCHER VCHTYPE="Purchase"><DATE>20240310</DATE><VOUCHERNUMBER>IGST-2024-001</VOUCHERNUMBER><PARTYLEDGERNAME>Karnataka Industrial Supplies</PARTYLEDGERNAME><PARTYGSTIN>29AABCU1234F1ZL</PARTYGSTIN><ALLLEDGERENTRIES.LIST><LEDGERNAME>Purchase</LEDGERNAME><ISDEEMEDPOSITIVE>Yes</ISDEEMEDPOSITIVE><AMOUNT>75000.00</AMOUNT></ALLLEDGERENTRIES.LIST><ALLLEDGERENTRIES.LIST><LEDGERNAME>Input IGST 18%</LEDGERNAME><ISDEEMEDPOSITIVE>Yes</ISDEEMEDPOSITIVE><AMOUNT>13500.00</AMOUNT></ALLLEDGERENTRIES.LIST><ALLLEDGERENTRIES.LIST><LEDGERNAME>Karnataka Industrial Supplies</LEDGERNAME><ISDEEMEDPOSITIVE>No</ISDEEMEDPOSITIVE><AMOUNT>-88500.00</AMOUNT><BILLALLOCATIONS.LIST><NAME>IGST-2024-001</NAME><BILLTYPE>New Ref</BILLTYPE><AMOUNT>-88500.00</AMOUNT></BILLALLOCATIONS.LIST></ALLLEDGERENTRIES.LIST><ALLINVENTORYENTRIES.LIST><STOCKITEMNAME>Industrial Machinery</STOCKITEMNAME><QUANTITY>1</QUANTITY><RATE>75000.00</RATE><AMOUNT>75000.00</AMOUNT><GSTCLASS>18%</GSTCLASS><HSNCODE>8479</HSNCODE><UNIT>Nos</UNIT></ALLINVENTORYENTRIES.LIST></VOUCHER></TALLYMESSAGE></DATA></BODY></ENVELOPE>