<?xml version='1.0' encoding='UTF-8'?>
<ENVELOPE><HEADER><TALLYREQUEST>Import Data</TALLYREQUEST><TYPE>Data</TYPE><ID>All Masters</ID></HEADER><BODY><DESC><STATICVARIABLES><SVCURRENTCOMPANY>My Company</SVCURRENTCOMPANY></STATICVARIABLES></DESC><DATA><TALLYMESSAGE><VOUCHER VCHTYPE="Purchase"><DATE>20240405</DATE><VOUCHERNUMBER>MIX-2024-001</VOUCHERNUMBER><PARTYLEDGERNAME>MultiRate Supplies</PARTYLEDGERNAME><PARTYGSTIN>27AABCU1234F1ZP</PARTYGSTIN><ALLLEDGERENTRIES.LIST><LEDGERNAME>Purchase</LEDGERNAME><ISDEEMEDPOSITIVE>Yes</ISDEEMEDPOSITIVE><AMOUNT>25000.00</AMOUNT></ALLLEDGERENTRIES.LIST><ALLLEDGERENTRIES.LIST><LEDGERNAME>Input CGST 2%</LEDGERNAME><ISDEEMEDPOSITIVE>Yes</ISDEEMEDPOSITIVE><AMOUNT>125.00</AMOUNT></ALLLEDGERENTRIES.LIST><ALLLEDGERENTRIES.LIST><LEDGERNAME>Input SGST 2%</LEDGERNAME><ISDEEMEDPOSITIVE>Yes</ISDEEMEDPOSITIVE><AMOUNT>125.00</AMOUNT></ALLLEDGERENTRIES.LIST><ALLLEDGERENTRIES.LIST><LEDGERNAME>Input CGST 6%</LEDGERNAME><ISDEEMEDPOSITIVE>Yes</ISDEEMEDPOSITIVE><AMOUNT>1200.00</AMOUNT></ALLLEDGERENTRIES.LIST><ALLLEDGERENTRIES.LIST><LEDGERNAME>Input SGST 6%</LEDGERNAME><ISDEEMEDPOSITIVE>Yes</ISDEEMEDPOSITIVE><AMOUNT>1200.00</AMOUNT></ALLLEDGERENTRIES.LIST><ALLLEDGERENTRIES.LIST><LEDGERNAME>MultiRate Supplies</LEDGERNAME><ISDEEMEDPOSITIVE>No</ISDEEMEDPOSITIVE><AMOUNT>-27650.00</AMOUNT><BILLALLOCATIONS.LIST><NAME>MIX-2024-001</NAME><BILLTYPE>New Ref</BILLTYPE><AMOUNT>-27650.00</AMOUNT></BILLALLOCATIONS.LIST></ALLLEDGERENTRIES.LIST><ALLINVENTORYENTRIES.LIST><STOCKITEMNAME>Essential Food Item</STOCKITEMNAME><QUANTITY>100</QUANTITY><RATE>50.00</RATE><AMOUNT>5000.00</AMOUNT><GSTCLASS>5%</GSTCLASS><HSNCODE>1905</HSNCODE><UNIT>Kgs</UNIT></ALLINVENTORYENTRIES.LIST><ALLINVENTORYENTRIES.LIST><STOCKITEMNAME>Electronic Gadget</STOCKITEMNAME><QUANTITY>10</QUANTITY><RATE>2000.00</RATE><AMOUNT>20000.00</AMOUNT><GSTCLASS>12%</GSTCLASS><HSNCODE>8517</HSNCODE><UNIT>Nos</UNIT></ALLINVENTORYENTRIES.LIST></VOUCHER></TALLYMESSAGE></DATA></BODY></ENVELOPE>