<?xml version='1.0' encoding='UTF-8'?>
<ENVELOPE><HEADER><TALLYREQUEST>Import Data</TALLYREQUEST><TYPE>Data</TYPE><ID>All Masters</ID></HEADER><BODY><DESC><STATICVARIABLES><SVCURRENTCOMPANY>My Company</SVCURRENTCOMPANY></STATICVARIABLES></DESC><DATA><TALLYMESSAGE><VOUCHER VCHTYPE="Purchase"><DATE>20240115</DATE><VOUCHERNUMBER>PUR-2024-001</VOUCHERNUMBER><PARTYLEDGERNAME>ABC Traders</PARTYLEDGERNAME><PARTYGSTIN>27AABCU1234F1ZP</PARTYGSTIN><ALLLEDGERENTRIES.LIST><LEDGERNAME>Purchase</LEDGERNAME><ISDEEMEDPOSITIVE>Yes</ISDEEMEDPOSITIVE><AMOUNT>100000.00</AMOUNT></ALLLEDGERENTRIES.LIST><ALLLEDGERENTRIES.LIST><LEDGERNAME>Input CGST 9%</LEDGERNAME><ISDEEMEDPOSITIVE>Yes</ISDEEMEDPOSITIVE><AMOUNT>9000.00</AMOUNT></ALLLEDGERENTRIES.LIST><ALLLEDGERENTRIES.LIST><LEDGERNAME>Input SGST 9%</LEDGERNAME><ISDEEMEDPOSITIVE>Yes</ISDEEMEDPOSITIVE><AMOUNT>9000.00</AMOUNT></ALLLEDGERENTRIES.LIST><ALLLEDGERENTRIES.LIST><LEDGERNAME>ABC Traders</LEDGERNAME><ISDEEMEDPOSITIVE>No</ISDEEMEDPOSITIVE><AMOUNT>-118000.00</AMOUNT><BILLALLOCATIONS.LIST><NAME>PUR-2024-001</NAME><BILLTYPE>New Ref</BILLTYPE><AMOUNT>-118000.00</AMOUNT></BILLALLOCATIONS.LIST></ALLLEDGERENTRIES.LIST><ALLINVENTORYENTRIES.LIST><STOCKITEMNAME>Steel Rods 12mm</STOCKITEMNAME><QUANTITY>500</QUANTITY><RATE>200.00</RATE><AMOUNT>100000.00</AMOUNT><GSTCLASS>18%</GSTCLASS><HSNCODE>7214</HSNCODE><UNIT>Kgs</UNIT></ALLINVENTORYENTRIES.LIST></VOUCHER></TALLYMESSAGE></DATA></BODY></ENVELOPE>