<?xml version='1.0' encoding='UTF-8'?>
<ENVELOPE><HEADER><TALLYREQUEST>Import Data</TALLYREQUEST><TYPE>Data</TYPE><ID>All Masters</ID></HEADER><BODY><DESC><STATICVARIABLES><SVCURRENTCOMPANY>My Company</SVCURRENTCOMPANY></STATICVARIABLES></DESC><DATA><TALLYMESSAGE><VOUCHER VCHTYPE="Purchase"><DATE>20240220</DATE><VOUCHERNUMBER>SVC-2024-001</VOUCHERNUMBER><PARTYLEDGERNAME>XYZ Consulting LLP</PARTYLEDGERNAME><PARTYGSTIN>27AABCU1234F1ZP</PARTYGSTIN><ALLLEDGERENTRIES.LIST><LEDGERNAME>Purchase</LEDGERNAME><ISDEEMEDPOSITIVE>Yes</ISDEEMEDPOSITIVE><AMOUNT>50000.00</AMOUNT></ALLLEDGERENTRIES.LIST><ALLLEDGERENTRIES.LIST><LEDGERNAME>Input CGST 9%</LEDGERNAME><ISDEEMEDPOSITIVE>Yes</ISDEEMEDPOSITIVE><AMOUNT>4500.00</AMOUNT></ALLLEDGERENTRIES.LIST><ALLLEDGERENTRIES.LIST><LEDGERNAME>Input SGST 9%</LEDGERNAME><ISDEEMEDPOSITIVE>Yes</ISDEEMEDPOSITIVE><AMOUNT>4500.00</AMOUNT></ALLLEDGERENTRIES.LIST><ALLLEDGERENTRIES.LIST><LEDGERNAME>XYZ Consulting LLP</LEDGERNAME><ISDEEMEDPOSITIVE>No</ISDEEMEDPOSITIVE><AMOUNT>-59000.00</AMOUNT><BILLALLOCATIONS.LIST><NAME>SVC-2024-001</NAME><BILLTYPE>New Ref</BILLTYPE><AMOUNT>-59000.00</AMOUNT></BILLALLOCATIONS.LIST></ALLLEDGERENTRIES.LIST></VOUCHER></TALLYMESSAGE></DATA></BODY></ENVELOPE>