<?xml version="1.0" encoding="UTF-8"?>
<ENVELOPE><HEADER><TALLYREQUEST>Import Data</TALLYREQUEST></HEADER><BODY><IMPORTDATA><REQUESTDESC><REPORTNAME>All Masters</REPORTNAME></REQUESTDESC><REQUESTDATA><TALLYMESSAGE><VOUCHERTYPE NAME="Purchase" ACTION="Create"><NAME>Purchase</NAME><ISACTIVE>Yes</ISACTIVE></VOUCHERTYPE></TALLYMESSAGE><TALLYMESSAGE><LEDGER NAME="ABC Consulting Services LLP" ACTION="Create"><NAME>ABC Consulting Services LLP</NAME><PARENT>Sundry Creditors</PARENT><GSTIN>29AAKFA1234L1ZD</GSTIN><GSTREGISTRATIONTYPE>Regular</GSTREGISTRATIONTYPE><STATENAME>Karnataka</STATENAME></LEDGER></TALLYMESSAGE><TALLYMESSAGE><LEDGER NAME="Purchase" ACTION="Create"><NAME>Purchase</NAME><PARENT>Purchase Accounts</PARENT></LEDGER></TALLYMESSAGE><TALLYMESSAGE><LEDGER NAME="Input CGST 9%" ACTION="Create"><NAME>Input CGST 9%</NAME><PARENT>Duties &amp; Taxes</PARENT><TAXTYPE>GST</TAXTYPE><GSTTYPE>Central Tax</GSTTYPE></LEDGER></TALLYMESSAGE><TALLYMESSAGE><LEDGER NAME="Input SGST 9%" ACTION="Create"><NAME>Input SGST 9%</NAME><PARENT>Duties &amp; Taxes</PARENT><TAXTYPE>GST</TAXTYPE><GSTTYPE>State Tax</GSTTYPE></LEDGER></TALLYMESSAGE><TALLYMESSAGE><LEDGER NAME="Freight Expenses" ACTION="Create"><NAME>Freight Expenses</NAME><PARENT>Purchase Accounts</PARENT></LEDGER></TALLYMESSAGE><TALLYMESSAGE><LEDGER NAME="TDS Payable" ACTION="Create"><NAME>TDS Payable</NAME><PARENT>Current Liabilities</PARENT></LEDGER></TALLYMESSAGE><TALLYMESSAGE><LEDGER NAME="Round Off" ACTION="Create"><NAME>Round Off</NAME><PARENT>Purchase Accounts</PARENT></LEDGER></TALLYMESSAGE><TALLYMESSAGE><LEDGER NAME="Professional Charges" ACTION="Create"><NAME>Professional Charges</NAME><PARENT>Primary</PARENT></LEDGER></TALLYMESSAGE></REQUESTDATA></IMPORTDATA></BODY></ENVELOPE>
<ENVELOPE><HEADER><TALLYREQUEST>Import Data</TALLYREQUEST></HEADER><BODY><IMPORTDATA><REQUESTDESC><REPORTNAME>Vouchers</REPORTNAME><STATICVARIABLES><SVCURRENTCOMPANY>Bhanu Technologies Pvt. Ltd.</SVCURRENTCOMPANY></STATICVARIABLES></REQUESTDESC><REQUESTDATA><TALLYMESSAGE><VOUCHER VCHTYPE="Purchase" ACTION="Create"><VOUCHERTYPENAME>Purchase</VOUCHERTYPENAME><PERSISTEDVIEW>Accounting Voucher View</PERSISTEDVIEW><ISINVOICE>No</ISINVOICE><DATE>20260710</DATE><VOUCHERNUMBER>ACS/2026/0789</VOUCHERNUMBER><NARRATION>Purchase from ABC Consulting Services LLP - Invoice ACS/2026/0789 dated 2026-07-10</NARRATION><PARTYLEDGERNAME>ABC Consulting Services LLP</PARTYLEDGERNAME><PARTYGSTIN>29AAKFA1234L1ZD</PARTYGSTIN><ALLLEDGERENTRIES.LIST><LEDGERNAME>Professional Charges</LEDGERNAME><ISDEEMEDPOSITIVE>Yes</ISDEEMEDPOSITIVE><AMOUNT>100000.00</AMOUNT></ALLLEDGERENTRIES.LIST><ALLLEDGERENTRIES.LIST><LEDGERNAME>Input CGST 9%</LEDGERNAME><ISDEEMEDPOSITIVE>Yes</ISDEEMEDPOSITIVE><AMOUNT>9180.00</AMOUNT></ALLLEDGERENTRIES.LIST><ALLLEDGERENTRIES.LIST><LEDGERNAME>Input SGST 9%</LEDGERNAME><ISDEEMEDPOSITIVE>Yes</ISDEEMEDPOSITIVE><AMOUNT>9180.00</AMOUNT></ALLLEDGERENTRIES.LIST><ALLLEDGERENTRIES.LIST><LEDGERNAME>Freight Expenses</LEDGERNAME><ISDEEMEDPOSITIVE>Yes</ISDEEMEDPOSITIVE><AMOUNT>2000.00</AMOUNT></ALLLEDGERENTRIES.LIST><ALLLEDGERENTRIES.LIST><LEDGERNAME>TDS Payable</LEDGERNAME><ISDEEMEDPOSITIVE>No</ISDEEMEDPOSITIVE><AMOUNT>-10200.00</AMOUNT></ALLLEDGERENTRIES.LIST><ALLLEDGERENTRIES.LIST><LEDGERNAME>Round Off</LEDGERNAME><ISDEEMEDPOSITIVE>No</ISDEEMEDPOSITIVE><AMOUNT>-0.40</AMOUNT></ALLLEDGERENTRIES.LIST><ALLLEDGERENTRIES.LIST><LEDGERNAME>ABC Consulting Services LLP</LEDGERNAME><ISPARTYLEDGER>Yes</ISPARTYLEDGER><ISDEEMEDPOSITIVE>No</ISDEEMEDPOSITIVE><AMOUNT>-110159.60</AMOUNT><BILLALLOCATIONS.LIST><NAME>ACS/2026/0789</NAME><BILLTYPE>New Ref</BILLTYPE><AMOUNT>-110159.60</AMOUNT></BILLALLOCATIONS.LIST></ALLLEDGERENTRIES.LIST></VOUCHER></TALLYMESSAGE></REQUESTDATA></IMPORTDATA></BODY></ENVELOPE>