<?xml version="1.0" encoding="UTF-8"?>
<ENVELOPE><HEADER><TALLYREQUEST>Import Data</TALLYREQUEST></HEADER><BODY><IMPORTDATA><REQUESTDESC><REPORTNAME>All Masters</REPORTNAME></REQUESTDESC><REQUESTDATA><TALLYMESSAGE><VOUCHERTYPE NAME="Credit Note" ACTION="Create"><NAME>Credit Note</NAME><ISACTIVE>Yes</ISACTIVE></VOUCHERTYPE></TALLYMESSAGE><TALLYMESSAGE><LEDGER NAME="Tech Supplies India" ACTION="Create"><NAME>Tech Supplies India</NAME><PARENT>Sundry Creditors</PARENT><GSTIN>29AAKFA1234L1ZD</GSTIN><GSTREGISTRATIONTYPE>Regular</GSTREGISTRATIONTYPE><STATENAME>Karnataka</STATENAME></LEDGER></TALLYMESSAGE><TALLYMESSAGE><LEDGER NAME="Purchase" ACTION="Create"><NAME>Purchase</NAME><PARENT>Purchase Accounts</PARENT></LEDGER></TALLYMESSAGE><TALLYMESSAGE><LEDGER NAME="Input CGST 9%" ACTION="Create"><NAME>Input CGST 9%</NAME><PARENT>Duties &amp; Taxes</PARENT><TAXTYPE>GST</TAXTYPE><GSTTYPE>Central Tax</GSTTYPE></LEDGER></TALLYMESSAGE><TALLYMESSAGE><LEDGER NAME="Input SGST 9%" ACTION="Create"><NAME>Input SGST 9%</NAME><PARENT>Duties &amp; Taxes</PARENT><TAXTYPE>GST</TAXTYPE><GSTTYPE>State Tax</GSTTYPE></LEDGER></TALLYMESSAGE></REQUESTDATA></IMPORTDATA></BODY></ENVELOPE>
<ENVELOPE><HEADER><TALLYREQUEST>Import Data</TALLYREQUEST></HEADER><BODY><IMPORTDATA><REQUESTDESC><REPORTNAME>Vouchers</REPORTNAME><STATICVARIABLES><SVCURRENTCOMPANY>Bhanu Technologies Pvt. Ltd.</SVCURRENTCOMPANY></STATICVARIABLES></REQUESTDESC><REQUESTDATA><TALLYMESSAGE><VOUCHER VCHTYPE="Credit Note" ACTION="Create"><VOUCHERTYPENAME>Credit Note</VOUCHERTYPENAME><PERSISTEDVIEW>Accounting Voucher View</PERSISTEDVIEW><ISINVOICE>No</ISINVOICE><DATE>20260713</DATE><VOUCHERNUMBER>CN/2026/001</VOUCHERNUMBER><NARRATION>Credit Note from Tech Supplies India - Invoice CN/2026/001 dated 2026-07-13</NARRATION><ORIGINALINVOICENO>INV/2026/0422</ORIGINALINVOICENO><ORIGINALINVOICEDATE>20260701</ORIGINALINVOICEDATE><PARTYLEDGERNAME>Tech Supplies India</PARTYLEDGERNAME><ALLLEDGERENTRIES.LIST><LEDGERNAME>Purchase</LEDGERNAME><ISDEEMEDPOSITIVE>No</ISDEEMEDPOSITIVE><AMOUNT>-100000.00</AMOUNT></ALLLEDGERENTRIES.LIST><ALLLEDGERENTRIES.LIST><LEDGERNAME>Input CGST 9%</LEDGERNAME><ISDEEMEDPOSITIVE>No</ISDEEMEDPOSITIVE><AMOUNT>-9000.00</AMOUNT></ALLLEDGERENTRIES.LIST><ALLLEDGERENTRIES.LIST><LEDGERNAME>Input SGST 9%</LEDGERNAME><ISDEEMEDPOSITIVE>No</ISDEEMEDPOSITIVE><AMOUNT>-9000.00</AMOUNT></ALLLEDGERENTRIES.LIST><ALLLEDGERENTRIES.LIST><LEDGERNAME>Tech Supplies India</LEDGERNAME><ISPARTYLEDGER>Yes</ISPARTYLEDGER><ISDEEMEDPOSITIVE>Yes</ISDEEMEDPOSITIVE><AMOUNT>118000.00</AMOUNT><BILLALLOCATIONS.LIST><NAME>CN/2026/001</NAME><BILLTYPE>New Ref</BILLTYPE><AMOUNT>118000.00</AMOUNT></BILLALLOCATIONS.LIST></ALLLEDGERENTRIES.LIST><ALLINVENTORYENTRIES.LIST><STOCKITEMNAME>Dell Laptop (Returned)</STOCKITEMNAME><HSNCODE>84713000</HSNCODE><BATCHALLOCATIONS.LIST><GSTRATE>18.00</GSTRATE><GSTCLASS>HSN</GSTCLASS><BATCHNAME>Primary</BATCHNAME><BATCHEXPIRY /><INDENTNO /><ORDERNO /><ORDERDATE /></BATCHALLOCATIONS.LIST><AMOUNT>100000.00</AMOUNT><ACTUALQTY>2</ACTUALQTY><BILLEDQTY>2</BILLEDQTY><RATE>50000.00</RATE></ALLINVENTORYENTRIES.LIST></VOUCHER></TALLYMESSAGE></REQUESTDATA></IMPORTDATA></BODY></ENVELOPE>