<?xml version="1.0" encoding="UTF-8"?>
<ENVELOPE><HEADER><TALLYREQUEST>Import Data</TALLYREQUEST></HEADER><BODY><IMPORTDATA><REQUESTDESC><REPORTNAME>All Masters</REPORTNAME></REQUESTDESC><REQUESTDATA><TALLYMESSAGE><VOUCHERTYPE NAME="Purchase" ACTION="Create"><NAME>Purchase</NAME><ISACTIVE>Yes</ISACTIVE></VOUCHERTYPE></TALLYMESSAGE><TALLYMESSAGE><LEDGER NAME="Tech Supplies India" ACTION="Create"><NAME>Tech Supplies India</NAME><PARENT>Sundry Creditors</PARENT><GSTIN>29AAKFA1234L1ZD</GSTIN><GSTREGISTRATIONTYPE>Regular</GSTREGISTRATIONTYPE><STATENAME>Karnataka</STATENAME></LEDGER></TALLYMESSAGE><TALLYMESSAGE><LEDGER NAME="Purchase" ACTION="Create"><NAME>Purchase</NAME><PARENT>Purchase Accounts</PARENT></LEDGER></TALLYMESSAGE><TALLYMESSAGE><LEDGER NAME="Input CGST 9%" ACTION="Create"><NAME>Input CGST 9%</NAME><PARENT>Duties &amp; Taxes</PARENT><TAXTYPE>GST</TAXTYPE><GSTTYPE>Central Tax</GSTTYPE></LEDGER></TALLYMESSAGE><TALLYMESSAGE><LEDGER NAME="Input SGST 9%" ACTION="Create"><NAME>Input SGST 9%</NAME><PARENT>Duties &amp; Taxes</PARENT><TAXTYPE>GST</TAXTYPE><GSTTYPE>State Tax</GSTTYPE></LEDGER></TALLYMESSAGE><TALLYMESSAGE><LEDGER NAME="Input CGST 6%" ACTION="Create"><NAME>Input CGST 6%</NAME><PARENT>Duties &amp; Taxes</PARENT><TAXTYPE>GST</TAXTYPE><GSTTYPE>Central Tax</GSTTYPE></LEDGER></TALLYMESSAGE><TALLYMESSAGE><LEDGER NAME="Input SGST 6%" ACTION="Create"><NAME>Input SGST 6%</NAME><PARENT>Duties &amp; Taxes</PARENT><TAXTYPE>GST</TAXTYPE><GSTTYPE>State Tax</GSTTYPE></LEDGER></TALLYMESSAGE><TALLYMESSAGE><LEDGER NAME="Input CGST 2.5%" ACTION="Create"><NAME>Input CGST 2.5%</NAME><PARENT>Duties &amp; Taxes</PARENT><TAXTYPE>GST</TAXTYPE><GSTTYPE>Central Tax</GSTTYPE></LEDGER></TALLYMESSAGE><TALLYMESSAGE><LEDGER NAME="Input SGST 2.5%" ACTION="Create"><NAME>Input SGST 2.5%</NAME><PARENT>Duties &amp; Taxes</PARENT><TAXTYPE>GST</TAXTYPE><GSTTYPE>State Tax</GSTTYPE></LEDGER></TALLYMESSAGE><TALLYMESSAGE><LEDGER NAME="Freight Expenses" ACTION="Create"><NAME>Freight Expenses</NAME><PARENT>Purchase Accounts</PARENT></LEDGER></TALLYMESSAGE></REQUESTDATA></IMPORTDATA></BODY></ENVELOPE>
<ENVELOPE><HEADER><TALLYREQUEST>Import Data</TALLYREQUEST></HEADER><BODY><IMPORTDATA><REQUESTDESC><REPORTNAME>Vouchers</REPORTNAME><STATICVARIABLES><SVCURRENTCOMPANY>Bhanu Technologies Pvt. Ltd.</SVCURRENTCOMPANY></STATICVARIABLES></REQUESTDESC><REQUESTDATA><TALLYMESSAGE><VOUCHER VCHTYPE="Purchase" ACTION="Create"><VOUCHERTYPENAME>Purchase</VOUCHERTYPENAME><PERSISTEDVIEW>Accounting Voucher View</PERSISTEDVIEW><ISINVOICE>Yes</ISINVOICE><DATE>20260713</DATE><VOUCHERNUMBER>MIXED/2026/001</VOUCHERNUMBER><NARRATION>Purchase from Tech Supplies India - Invoice MIXED/2026/001 dated 2026-07-13</NARRATION><ALLINVENTORYENTRIES.LIST><STOCKITEMNAME>Dell Laptop</STOCKITEMNAME><HSNCODE>84713000</HSNCODE><BATCHALLOCATIONS.LIST><GSTRATE>18.00</GSTRATE><GSTCLASS>HSN</GSTCLASS><BATCHNAME>Primary</BATCHNAME><BATCHEXPIRY /><INDENTNO /><ORDERNO /><ORDERDATE /></BATCHALLOCATIONS.LIST><AMOUNT>80000.00</AMOUNT><ACTUALQTY>1</ACTUALQTY><BILLEDQTY>1</BILLEDQTY><RATE>80000.00</RATE></ALLINVENTORYENTRIES.LIST><ALLINVENTORYENTRIES.LIST><STOCKITEMNAME>A4 Printer Paper</STOCKITEMNAME><HSNCODE>48025700</HSNCODE><BATCHALLOCATIONS.LIST><GSTRATE>12.00</GSTRATE><GSTCLASS>HSN</GSTCLASS><BATCHNAME>Primary</BATCHNAME><BATCHEXPIRY /><INDENTNO /><ORDERNO /><ORDERDATE /></BATCHALLOCATIONS.LIST><AMOUNT>5000.00</AMOUNT><ACTUALQTY>5</ACTUALQTY><BILLEDQTY>5</BILLEDQTY><RATE>1000.00</RATE></ALLINVENTORYENTRIES.LIST><ALLINVENTORYENTRIES.LIST><STOCKITEMNAME>Notebook</STOCKITEMNAME><HSNCODE>48201000</HSNCODE><BATCHALLOCATIONS.LIST><GSTRATE>5.00</GSTRATE><GSTCLASS>HSN</GSTCLASS><BATCHNAME>Primary</BATCHNAME><BATCHEXPIRY /><INDENTNO /><ORDERNO /><ORDERDATE /></BATCHALLOCATIONS.LIST><AMOUNT>2000.00</AMOUNT><ACTUALQTY>20</ACTUALQTY><BILLEDQTY>20</BILLEDQTY><RATE>100.00</RATE></ALLINVENTORYENTRIES.LIST><PARTYLEDGERNAME>Tech Supplies India</PARTYLEDGERNAME><PARTYGSTIN>29AAKFA1234L1ZD</PARTYGSTIN><ALLLEDGERENTRIES.LIST><LEDGERNAME>Purchase</LEDGERNAME><ISDEEMEDPOSITIVE>Yes</ISDEEMEDPOSITIVE><AMOUNT>87000.00</AMOUNT></ALLLEDGERENTRIES.LIST><ALLLEDGERENTRIES.LIST><LEDGERNAME>Input CGST 9%</LEDGERNAME><ISDEEMEDPOSITIVE>Yes</ISDEEMEDPOSITIVE><AMOUNT>7200.00</AMOUNT></ALLLEDGERENTRIES.LIST><ALLLEDGERENTRIES.LIST><LEDGERNAME>Input SGST 9%</LEDGERNAME><ISDEEMEDPOSITIVE>Yes</ISDEEMEDPOSITIVE><AMOUNT>7200.00</AMOUNT></ALLLEDGERENTRIES.LIST><ALLLEDGERENTRIES.LIST><LEDGERNAME>Input CGST 6%</LEDGERNAME><ISDEEMEDPOSITIVE>Yes</ISDEEMEDPOSITIVE><AMOUNT>300.00</AMOUNT></ALLLEDGERENTRIES.LIST><ALLLEDGERENTRIES.LIST><LEDGERNAME>Input SGST 6%</LEDGERNAME><ISDEEMEDPOSITIVE>Yes</ISDEEMEDPOSITIVE><AMOUNT>300.00</AMOUNT></ALLLEDGERENTRIES.LIST><ALLLEDGERENTRIES.LIST><LEDGERNAME>Input CGST 2.5%</LEDGERNAME><ISDEEMEDPOSITIVE>Yes</ISDEEMEDPOSITIVE><AMOUNT>50.00</AMOUNT></ALLLEDGERENTRIES.LIST><ALLLEDGERENTRIES.LIST><LEDGERNAME>Input SGST 2.5%</LEDGERNAME><ISDEEMEDPOSITIVE>Yes</ISDEEMEDPOSITIVE><AMOUNT>50.00</AMOUNT></ALLLEDGERENTRIES.LIST><ALLLEDGERENTRIES.LIST><LEDGERNAME>Freight Expenses</LEDGERNAME><ISDEEMEDPOSITIVE>Yes</ISDEEMEDPOSITIVE><AMOUNT>1000.00</AMOUNT></ALLLEDGERENTRIES.LIST><ALLLEDGERENTRIES.LIST><LEDGERNAME>Tech Supplies India</LEDGERNAME><ISPARTYLEDGER>Yes</ISPARTYLEDGER><ISDEEMEDPOSITIVE>No</ISDEEMEDPOSITIVE><AMOUNT>-103100.00</AMOUNT><BILLALLOCATIONS.LIST><NAME>MIXED/2026/001</NAME><BILLTYPE>New Ref</BILLTYPE><AMOUNT>-103100.00</AMOUNT></BILLALLOCATIONS.LIST></ALLLEDGERENTRIES.LIST></VOUCHER></TALLYMESSAGE></REQUESTDATA></IMPORTDATA></BODY></ENVELOPE>