<?xml version="1.0" encoding="UTF-8"?>
<ENVELOPE><HEADER><TALLYREQUEST>Import Data</TALLYREQUEST></HEADER><BODY><IMPORTDATA><REQUESTDESC><REPORTNAME>All Masters</REPORTNAME></REQUESTDESC><REQUESTDATA><TALLYMESSAGE><VOUCHERTYPE NAME="Purchase" ACTION="Create"><NAME>Purchase</NAME><ISACTIVE>Yes</ISACTIVE></VOUCHERTYPE></TALLYMESSAGE><TALLYMESSAGE><STOCKGROUP NAME="Primary" ACTION="Create"><NAME>Primary</NAME><PARENT>Primary</PARENT></STOCKGROUP></TALLYMESSAGE><TALLYMESSAGE><STOCKITEM NAME="Laptop - Dell" ACTION="Create"><NAME>Laptop - Dell</NAME><PARENT>Primary</PARENT><HSNCODE>847130</HSNCODE><UNITS>Nos</UNITS><RATEOFDEALING>50000.00</RATEOFDEALING><GSTCLASS>HSN</GSTCLASS></STOCKITEM></TALLYMESSAGE><TALLYMESSAGE><STOCKITEM NAME="Monitor - 24&quot;" ACTION="Create"><NAME>Monitor - 24"</NAME><PARENT>Primary</PARENT><HSNCODE>852852</HSNCODE><UNITS>Nos</UNITS><RATEOFDEALING>15000.00</RATEOFDEALING><GSTCLASS>HSN</GSTCLASS></STOCKITEM></TALLYMESSAGE><TALLYMESSAGE><STOCKITEM NAME="Software - Windows" ACTION="Create"><NAME>Software - Windows</NAME><PARENT>Primary</PARENT><HSNCODE>852351</HSNCODE><UNITS>Nos</UNITS><RATEOFDEALING>2000.00</RATEOFDEALING><GSTCLASS>HSN</GSTCLASS></STOCKITEM></TALLYMESSAGE><TALLYMESSAGE><LEDGER NAME="ABC Electronics" ACTION="Create"><NAME>ABC Electronics</NAME><PARENT>Sundry Creditors</PARENT><GSTIN>27AABCU1234D1ZT</GSTIN><GSTREGISTRATIONTYPE>Regular</GSTREGISTRATIONTYPE><STATENAME>Maharashtra</STATENAME></LEDGER></TALLYMESSAGE><TALLYMESSAGE><LEDGER NAME="Purchase" ACTION="Create"><NAME>Purchase</NAME><PARENT>Purchase Accounts</PARENT></LEDGER></TALLYMESSAGE><TALLYMESSAGE><LEDGER NAME="Input IGST 18%" ACTION="Create"><NAME>Input IGST 18%</NAME><PARENT>Duties &amp; Taxes</PARENT><TAXTYPE>GST</TAXTYPE><GSTTYPE>Integrated Tax</GSTTYPE></LEDGER></TALLYMESSAGE></REQUESTDATA></IMPORTDATA></BODY></ENVELOPE>
<ENVELOPE><HEADER><TALLYREQUEST>Import Data</TALLYREQUEST></HEADER><BODY><IMPORTDATA><REQUESTDESC><REPORTNAME>Vouchers</REPORTNAME><STATICVARIABLES><SVCURRENTCOMPANY>My Company</SVCURRENTCOMPANY></STATICVARIABLES></REQUESTDESC><REQUESTDATA><TALLYMESSAGE><VOUCHER VCHTYPE="Purchase" ACTION="Create"><VOUCHERTYPENAME>Purchase</VOUCHERTYPENAME><PERSISTEDVIEW>Accounting Voucher View</PERSISTEDVIEW><ISINVOICE>Yes</ISINVOICE><DATE>20250701</DATE><VOUCHERNUMBER>INV-2025-001</VOUCHERNUMBER><NARRATION>Purchase from ABC Electronics - Invoice INV-2025-001 dated 2025-07-01</NARRATION><ALLINVENTORYENTRIES.LIST><STOCKITEMNAME>Laptop - Dell</STOCKITEMNAME><HSNCODE>847130</HSNCODE><BATCHALLOCATIONS.LIST><GSTRATE>18.00</GSTRATE><GSTCLASS>HSN</GSTCLASS><BATCHNAME>Primary</BATCHNAME><BATCHEXPIRY /><INDENTNO /><ORDERNO /><ORDERDATE /></BATCHALLOCATIONS.LIST><AMOUNT>100000.00</AMOUNT><ACTUALQTY>2</ACTUALQTY><BILLEDQTY>2</BILLEDQTY><RATE>50000.00</RATE></ALLINVENTORYENTRIES.LIST><ALLINVENTORYENTRIES.LIST><STOCKITEMNAME>Monitor - 24"</STOCKITEMNAME><HSNCODE>852852</HSNCODE><BATCHALLOCATIONS.LIST><GSTRATE>18.00</GSTRATE><GSTCLASS>HSN</GSTCLASS><BATCHNAME>Primary</BATCHNAME><BATCHEXPIRY /><INDENTNO /><ORDERNO /><ORDERDATE /></BATCHALLOCATIONS.LIST><AMOUNT>45000.00</AMOUNT><ACTUALQTY>3</ACTUALQTY><BILLEDQTY>3</BILLEDQTY><RATE>15000.00</RATE></ALLINVENTORYENTRIES.LIST><ALLINVENTORYENTRIES.LIST><STOCKITEMNAME>Software - Windows</STOCKITEMNAME><HSNCODE>852351</HSNCODE><BATCHALLOCATIONS.LIST><GSTRATE>18.00</GSTRATE><GSTCLASS>HSN</GSTCLASS><BATCHNAME>Primary</BATCHNAME><BATCHEXPIRY /><INDENTNO /><ORDERNO /><ORDERDATE /></BATCHALLOCATIONS.LIST><AMOUNT>10000.00</AMOUNT><ACTUALQTY>5</ACTUALQTY><BILLEDQTY>5</BILLEDQTY><RATE>2000.00</RATE></ALLINVENTORYENTRIES.LIST><PARTYLEDGERNAME>ABC Electronics</PARTYLEDGERNAME><PARTYGSTIN>27AABCU1234D1ZT</PARTYGSTIN><ALLLEDGERENTRIES.LIST><LEDGERNAME>Purchase</LEDGERNAME><ISDEEMEDPOSITIVE>Yes</ISDEEMEDPOSITIVE><AMOUNT>155000.00</AMOUNT></ALLLEDGERENTRIES.LIST><ALLLEDGERENTRIES.LIST><LEDGERNAME>Input IGST 18%</LEDGERNAME><ISDEEMEDPOSITIVE>Yes</ISDEEMEDPOSITIVE><AMOUNT>27900.00</AMOUNT></ALLLEDGERENTRIES.LIST><ALLLEDGERENTRIES.LIST><LEDGERNAME>ABC Electronics</LEDGERNAME><ISPARTYLEDGER>Yes</ISPARTYLEDGER><ISDEEMEDPOSITIVE>No</ISDEEMEDPOSITIVE><AMOUNT>-182900.00</AMOUNT><BILLALLOCATIONS.LIST><NAME>INV-2025-001</NAME><BILLTYPE>New Ref</BILLTYPE><AMOUNT>-182900.00</AMOUNT></BILLALLOCATIONS.LIST></ALLLEDGERENTRIES.LIST></VOUCHER></TALLYMESSAGE></REQUESTDATA></IMPORTDATA></BODY></ENVELOPE>