<?xml version='1.0' encoding='UTF-8'?>
<ENVELOPE><HEADER><TALLYREQUEST>Import Data</TALLYREQUEST></HEADER><BODY><IMPORTDATA><REQUESTDESC><REPORTNAME>All Masters</REPORTNAME></REQUESTDESC><REQUESTDATA><TALLYMESSAGE><LEDGER NAME="Vendor" ACTION="Create"><NAME>Vendor</NAME><PARENT>Sundry Creditors</PARENT><GSTIN>27AABCU1234F1ZP</GSTIN><STATENAME>Maharashtra</STATENAME></LEDGER></TALLYMESSAGE><TALLYMESSAGE><LEDGER NAME="Purchase" ACTION="Create"><NAME>Purchase</NAME><PARENT>Purchase Accounts</PARENT></LEDGER></TALLYMESSAGE><TALLYMESSAGE><LEDGER NAME="Input  9%" ACTION="Create"><NAME>Input  9%</NAME><PARENT>Duties &amp; Taxes</PARENT><TAXTYPE>GST</TAXTYPE><GSTTYPE>Central Tax</GSTTYPE></LEDGER></TALLYMESSAGE></REQUESTDATA></IMPORTDATA></BODY></ENVELOPE>
<?xml version='1.0' encoding='UTF-8'?>
<ENVELOPE><HEADER><VERSION>1</VERSION><TALLYREQUEST>Import</TALLYREQUEST><TYPE>Data</TYPE><ID>Vouchers</ID></HEADER><BODY><DESC /><DATA><STATICVARIABLES><SVCURRENTCOMPANY>My Company</SVCURRENTCOMPANY></STATICVARIABLES><TALLYMESSAGE><VOUCHER VCHTYPE="Purchase" ACTION="Create"><VOUCHERTYPENAME>Purchase</VOUCHERTYPENAME><PERSISTEDVIEW>Accounting Voucher View</PERSISTEDVIEW><ISINVOICE>Yes</ISINVOICE><DATE>20260519</DATE><VOUCHERNUMBER>K102/27/102017</VOUCHERNUMBER><NARRATION>Purchase from Vendor - Invoice K102/27/102017 dated 19-05-2026</NARRATION><PARTYLEDGERNAME>Vendor</PARTYLEDGERNAME><PARTYGSTIN>27AABCU1234F1ZP</PARTYGSTIN><ALLLEDGERENTRIES.LIST><LEDGERNAME>Purchase</LEDGERNAME><ISDEEMEDPOSITIVE>Yes</ISDEEMEDPOSITIVE><AMOUNT>10000.00</AMOUNT></ALLLEDGERENTRIES.LIST><ALLLEDGERENTRIES.LIST><LEDGERNAME>Input  9%</LEDGERNAME><ISDEEMEDPOSITIVE>Yes</ISDEEMEDPOSITIVE><AMOUNT>900.00</AMOUNT></ALLLEDGERENTRIES.LIST><ALLLEDGERENTRIES.LIST><LEDGERNAME>Input  9%</LEDGERNAME><ISDEEMEDPOSITIVE>Yes</ISDEEMEDPOSITIVE><AMOUNT>900.00</AMOUNT></ALLLEDGERENTRIES.LIST><ALLLEDGERENTRIES.LIST><LEDGERNAME>Vendor</LEDGERNAME><ISPARTYLEDGER>Yes</ISPARTYLEDGER><ISDEEMEDPOSITIVE>No</ISDEEMEDPOSITIVE><AMOUNT>-11800.00</AMOUNT><BILLALLOCATIONS.LIST><NAME>K102/27/102017</NAME><BILLTYPE>New Ref</BILLTYPE><AMOUNT>-11800.00</AMOUNT></BILLALLOCATIONS.LIST></ALLLEDGERENTRIES.LIST></VOUCHER></TALLYMESSAGE></DATA></BODY></ENVELOPE>